<record><leader>00000cas a22000007a 4500</leader><controlfield tag="001">36142663</controlfield><controlfield tag="008">961230d19121933okuwr n       0    0eng d</controlfield><datafield ind1=" " ind2=" " tag="010"><subfield code="a">sn 96093342 </subfield></datafield><datafield ind1=" " ind2=" " tag="040"><subfield code="a">OBN</subfield><subfield code="b">eng</subfield><subfield code="c">OBN</subfield><subfield code="d">OCLCQ</subfield><subfield code="d">OCLCF</subfield><subfield code="d">OCLCO</subfield></datafield><datafield ind1="1" ind2=" " tag="029"><subfield code="a">AU@</subfield><subfield code="b">000013023330</subfield></datafield><datafield ind1=" " ind2=" " tag="042"><subfield code="a">msc</subfield></datafield><datafield ind1=" " ind2=" " tag="043"><subfield code="a">n-us-ok</subfield></datafield><datafield ind1="0" ind2=" " tag="130"><subfield code="a">Comanche reflex (Comanche, Okla. : 1912)</subfield></datafield><datafield ind1="1" ind2="4" tag="245"><subfield code="a">The Comanche reflex.</subfield></datafield><datafield ind1="3" ind2=" " tag="246"><subfield code="a">Reflex</subfield></datafield><datafield ind1=" " ind2=" " tag="260"><subfield code="a">Comanche, Okla. :</subfield><subfield code="b">R.L. DeLung</subfield></datafield><datafield ind1=" " ind2=" " tag="300"><subfield code="a">v.</subfield></datafield><datafield ind1=" " ind2=" " tag="310"><subfield code="a">Weekly</subfield></datafield><datafield ind1="1" ind2=" " tag="362"><subfield code="a">Began in 1912; ceased in July 1933.</subfield></datafield><datafield ind1=" " ind2=" " tag="588"><subfield code="a">Description based on: Vol. 12, no. 13 (June 28, 1912).</subfield></datafield><datafield ind1=" " ind2="0" tag="651"><subfield code="a">Comanche (Okla.)</subfield><subfield code="v">Newspapers.</subfield></datafield><datafield ind1=" " ind2="0" tag="651"><subfield code="a">Stephens County (Okla.)</subfield><subfield code="v">Newspapers.</subfield></datafield><datafield ind1=" " ind2="7" tag="655"><subfield code="a">Newspapers.</subfield><subfield code="2">fast</subfield><subfield code="0">(OCoLC)fst01423814</subfield></datafield><datafield ind1=" " ind2="7" tag="651"><subfield code="a">Oklahoma</subfield><subfield code="z">Comanche.</subfield><subfield code="2">fast</subfield><subfield code="0">(OCoLC)fst01230196</subfield></datafield><datafield ind1=" " ind2="7" tag="651"><subfield code="a">Oklahoma</subfield><subfield code="z">Stephens County.</subfield><subfield code="2">fast</subfield><subfield code="0">(OCoLC)fst01259792</subfield></datafield><datafield ind1=" " ind2=" " tag="752"><subfield code="a">United States</subfield><subfield code="b">Oklahoma</subfield><subfield code="c">Stephens</subfield><subfield code="d">Comanche.</subfield></datafield><datafield ind1="0" ind2="1" tag="780"><subfield code="t">American=reflex</subfield><subfield code="w">(DLC)sn 96093341</subfield><subfield code="w">(OCoLC)36142647</subfield></datafield><datafield ind1="0" ind2="0" tag="785"><subfield code="t">Duncan American</subfield><subfield code="w">(DLC)sn 96093344</subfield><subfield code="w">(OCoLC)36142684</subfield></datafield></record>